<collection xmlns="http://www.loc.gov/MARC21/slim">
<record>
  <leader>00955nam0a22002411i 450 </leader>
  <controlfield tag="001">IT\ICCU\CNCE\030083</controlfield>
  <controlfield tag="005">20060302000000.0</controlfield>
  <datafield tag="100" ind1=" " ind2=" ">
    <subfield code="a">19971125d1586        0itac0103    ba</subfield>
  </datafield>
  <datafield tag="101" ind1=" " ind2=" ">
    <subfield code="a">ITA</subfield>
  </datafield>
  <datafield tag="102" ind1=" " ind2=" ">
    <subfield code="a">IT</subfield>
  </datafield>
  <datafield tag="200" ind1="1" ind2=" ">
    <subfield code="a">Confessione di Santa Maria Maddalena</subfield>
  </datafield>
  <datafield tag="210" ind1=" " ind2=" ">
    <subfield code="a">Stampata in Firenze</subfield>
    <subfield code="c">appresso Giovanni Baleni</subfield>
    <subfield code="d">1586</subfield>
  </datafield>
  <datafield tag="300" ind1=" " ind2=" ">
    <subfield code="a">ATTENZIONE: E&apos; IL DUPLICATO DI CNCE 13075</subfield>
  </datafield>
  <datafield tag="620" ind1=" " ind2=" ">
    <subfield code="a">IT</subfield>
    <subfield code="d">Firenze</subfield>
  </datafield>
  <datafield tag="700" ind1=" " ind2="1">
    <subfield code="a">Lando,</subfield>
    <subfield code="b">Ortensio</subfield>
    <subfield code="3">IT\ICCU\CNCA\006594</subfield>
  </datafield>
  <datafield tag="712" ind1="0" ind2="0">
    <subfield code="a">Baleni, Giovanni</subfield>
    <subfield code="3">IT\ICCU\CNCT\000682</subfield>
    <subfield code="4">650</subfield>
  </datafield>
  <datafield tag="790" ind1=" " ind2="0">
    <subfield code="a">Anonimo</subfield>
    <subfield code="c"> : d&apos;Utopia</subfield>
    <subfield code="3">IT\ICCU\CNCA\007612</subfield>
    <subfield code="z">Lando, Ortensio</subfield>
  </datafield>
  <datafield tag="790" ind1=" " ind2="1">
    <subfield code="a">Landi,</subfield>
    <subfield code="b">Ortensio</subfield>
    <subfield code="3">IT\ICCU\CNCA\014463</subfield>
    <subfield code="z">Lando, Ortensio</subfield>
  </datafield>
  <datafield tag="790" ind1=" " ind2="0">
    <subfield code="a">Philaletes Polytopiensis</subfield>
    <subfield code="3">IT\ICCU\CNCA\016029</subfield>
    <subfield code="z">Lando, Ortensio</subfield>
  </datafield>
  <datafield tag="790" ind1=" " ind2="0">
    <subfield code="a">Tranquillo</subfield>
    <subfield code="3">IT\ICCU\CNCA\020086</subfield>
    <subfield code="z">Lando, Ortensio</subfield>
  </datafield>
  <datafield tag="790" ind1=" " ind2="0">
    <subfield code="a">Andronico Collodio</subfield>
    <subfield code="3">IT\ICCU\CNCA\029856</subfield>
    <subfield code="z">Lando, Ortensio</subfield>
  </datafield>
  <datafield tag="801" ind1=" " ind2="3">
    <subfield code="a">IT</subfield>
    <subfield code="b">ICCU</subfield>
    <subfield code="c">20201114</subfield>
  </datafield>
  <datafield tag="899" ind1=" " ind2=" ">
    <subfield code="a">Biblioteca statale. Lucca</subfield>
    <subfield code="1">LU0022</subfield>
    <subfield code="2">LUA BL</subfield>
  </datafield>
</record>
</collection>
